% vldb2023-polysi-report.bib

@article{SER:JACM1979,
  author = {Papadimitriou, Christos H.},
  title = {The Serializability of Concurrent Database Updates},
  year = {1979},
  issue_date = {Oct. 1979},
  publisher = {Association for Computing Machinery},
  address = {New York, NY, USA},
  volume = {26},
  number = {4},
  issn = {0004-5411},
  url = {https://doi.org/10.1145/322154.322158},
  doi = {10.1145/322154.322158},
  journal = {J. ACM},
  month = {oct},
  pages = {631--653},
  numpages = {23}
}


%%%%% si %%%%%
@inproceedings{CritiqueANSI:SIGMOD1995,
  author = {Berenson, Hal and Bernstein, Phil and Gray, Jim and Melton, Jim and O'Neil, Elizabeth and O'Neil, Patrick},
  title = {A Critique of ANSI SQL Isolation Levels},
  year = {1995},
  isbn = {0897917316},
  publisher = {ACM},
  url = {https://doi.org/10.1145/223784.223785},
  doi = {10.1145/223784.223785},
  booktitle = {SIGMOD '95},
  pages = {1-10},
  numpages = {10}
}

@article{AnalysingSI:JACM2018,
  author = {Cerone, Andrea and Gotsman, Alexey},
  title = {Analysing Snapshot Isolation},
  year = {2018},
  issue_date = {March 2018},
  publisher = {Association for Computing Machinery},
  address = {New York, NY, USA},
  volume = {65},
  number = {2},
  issn = {0004-5411},
  url = {https://doi.org/10.1145/3152396},
  doi = {10.1145/3152396},
  journal = {J. ACM},
  month = jan,
  articleno = {11},
  numpages = {41},
}

@inproceedings{ClientCentric:PODC2017,
  author = {Crooks, Natacha and Pu, Youer and Alvisi, Lorenzo and Clement, Allen},
  title = {Seeing is Believing: A Client-Centric Specification of Database Isolation},
  year = {2017},
  isbn = {9781450349925},
  publisher = {ACM},
  url = {https://doi.org/10.1145/3087801.3087802},
  doi = {10.1145/3087801.3087802},
  booktitle = {PODC '17},
  pages = {73-82},
  numpages = {10}
}

@InProceedings{Framework:CONCUR2015,
  author =	{Andrea Cerone and Giovanni Bernardi and Alexey Gotsman},
  title =	{{A Framework for Transactional Consistency Models with Atomic Visibility}},
  booktitle =	{CONCUR'15},
  pages =	{58--71},
  series =	{LIPIcs},
  ISBN =	{978-3-939897-91-0},
  ISSN =	{1868-8969},
  year =	{2015},
  volume =	{42},
  publisher =	{Schloss Dagstuhl--Leibniz-Zentrum fuer Informatik},
}

@inproceedings{ClockSI:SRDS2013,
  author = {Du, Jiaqing and Elnikety, Sameh and Zwaenepoel, Willy},
  title = {Clock-SI: Snapshot Isolation for Partitioned Data Stores Using Loosely Synchronized Clocks},
  year = {2013},
  isbn = {9780769551159},
  publisher = {IEEE Computer Society},
  address = {USA},
  url = {https://doi.org/10.1109/SRDS.2013.26},
  doi = {10.1109/SRDS.2013.26},
  booktitle = {SRDS '13},
  pages = {173-184},
  numpages = {12}
}

@inproceedings{CritiqueSI:EuroSys2012,
  author = {Yabandeh, Maysam and G\'{o}mez Ferro, Daniel},
  title = {A Critique of Snapshot Isolation},
  year = {2012},
  isbn = {9781450312233},
  publisher = {Association for Computing Machinery},
  address = {New York, NY, USA},
  url = {https://doi.org/10.1145/2168836.2168853},
  doi = {10.1145/2168836.2168853},
  booktitle = {Proceedings of the 7th ACM European Conference on Computer Systems},
  pages = {155-168},
  numpages = {14},
  location = {Bern, Switzerland},
  series = {EuroSys '12}
}

@inproceedings{LazyReplSI:VLDB2006,
  author = {Daudjee, Khuzaima and Salem, Kenneth},
  title = {Lazy Database Replication with Snapshot Isolation},
  year = {2006},
  publisher = {VLDB Endowment},
  booktitle = {VLDB'06},
  pages = {715-726},
  numpages = {12}
}

@inproceedings{GSI:SRDS2005,
  author = {Elnikety, Sameh and Zwaenepoel, Willy and Pedone, Fernando},
  title = {Database Replication Using Generalized Snapshot Isolation},
  year = {2005},
  isbn = {076952463X},
  publisher = {IEEE Computer Society},
  address = {USA},
  url = {https://doi.org/10.1109/RELDIS.2005.14},
  doi = {10.1109/RELDIS.2005.14},
  pages = {73-84},
  numpages = {12},
  series = {SRDS '05}
}

@article{CritiqueIsolation:SIGMOD1995,
  author = {Berenson, Hal and Bernstein, Phil and Gray, Jim and Melton, Jim and O'Neil, Elizabeth and O'Neil, Patrick},
  title = {A Critique of ANSI SQL Isolation Levels},
  year = {1995},
  issue_date = {May 1995},
  publisher = {Association for Computing Machinery},
  address = {New York, NY, USA},
  volume = {24},
  number = {2},
  issn = {0163-5808},
  url = {https://doi.org/10.1145/568271.223785},
  doi = {10.1145/568271.223785},
  journal = {SIGMOD Rec.},
  month = may,
  pages = {1-10},
  numpages = {10}
}

@phdthesis{Adya:PhDThesis1999,
  author = {Adya, Atul},
  title = {Weak Consistency: A Generalized Theory and Optimistic Implementations for Distributed Transactions},
  year = {1999},
  publisher = {Massachusetts Institute of Technology},
  address = {USA}
}

@inproceedings{PSI:SOSP2011,
  author = {Sovran, Yair and Power, Russell and Aguilera, Marcos K. and Li, Jinyang},
  title = {Transactional Storage for Geo-Replicated Systems},
  year = {2011},
  isbn = {9781450309776},
  publisher = {ACM},
  url = {https://doi.org/10.1145/2043556.2043592},
  doi = {10.1145/2043556.2043592},
  booktitle = {SOSP '11},
  pages = {385-400},
  numpages = {16}
}

@inproceedings{NMSI:SRDS2013,
  author = {Ardekani, Masoud Saeida and Sutra, Pierre and Shapiro, Marc},
  title = {Non-Monotonic Snapshot Isolation: Scalable and Strong Consistency for Geo-Replicated Transactional Systems},
  year = {2013},
  isbn = {9780769551159},
  publisher = {IEEE Computer Society},
  url = {https://doi.org/10.1109/SRDS.2013.25},
  doi = {10.1109/SRDS.2013.25},
  booktitle = {SRDS '13},
  pages = {163-172},
  numpages = {10}
}
@article{TunableConsistency:VLDB2019,
  author = {Schultz, William and Avitabile, Tess and Cabral, Alyson},
  title = {Tunable Consistency in MongoDB},
  year = {2019},
  issue_date = {August 2019},
  publisher = {VLDB Endowment},
  volume = {12},
  number = {12},
  issn = {2150-8097},
  url = {https://doi.org/10.14778/3352063.3352125},
  doi = {10.14778/3352063.3352125},
  journal = {Proc. VLDB Endow.},
  month = aug,
  pages = {2071-2081},
  numpages = {11}
}

@article{RAMP:TODS2016,
  author = {Bailis, Peter and Fekete, Alan and Ghodsi, Ali and Hellerstein, Joseph M. and Stoica, Ion},
  title = {Scalable Atomic Visibility with RAMP Transactions},
  year = {2016},
  issue_date = {August 2016},
  publisher = {ACM},
  volume = {41},
  number = {3},
  issn = {0362-5915},
  url = {https://doi.org/10.1145/2909870},
  doi = {10.1145/2909870},
  journal = {ACM Trans. Database Syst.},
  month = {jul},
  articleno = {15},
  numpages = {45},
}

inproceedings{pc,
  author    = {Sebastian Burckhardt and Daan Leijen and Jonathan Protzenko and Manuel F{\"{a}}hndrich},
  title     = {Global Sequence Protocol: {A} Robust Abstraction for Replicated Shared
               State},
  booktitle = {ECOOP'15},
  series    = {LIPIcs},
  volume    = {37},
  pages     = {568--590},
  publisher = {Schloss Dagstuhl - Leibniz-Zentrum f{\"{u}}r Informatik},
  year      = {2015},
  url       = {https://doi.org/10.4230/LIPIcs.ECOOP.2015.568},
  doi       = {10.4230/LIPIcs.ECOOP.2015.568},
}

%%%%% si checking %%%%%
@article{ConsAD:VLDB2014,
  author = {Kamal Zellag and Bettina Kemme},
  title = {Consistency anomalies in multi-tier architectures: automatic detection and prevention},
  journal = {{VLDB} J.},
  volume = {23},
  number = {1},
  pages = {147--172},
  year = {2014},
  url = {https://doi.org/10.1007/s00778-013-0318-x},
  doi = {10.1007/s00778-013-0318-x},
}

@inproceedings{RushMon:SIGMOD2018,
  author = {Shang, Zechao and Yu, Jeffrey Xu and Elmore, Aaron J.},
  title = {RushMon: Real-Time Isolation Anomalies Monitoring},
  year = {2018},
  isbn = {9781450347037},
  publisher = {ACM},
  url = {https://doi.org/10.1145/3183713.3196932},
  doi = {10.1145/3183713.3196932},
  booktitle = {SIGMOD '18},
  pages = {647-662},
  numpages = {16}
}

@article{Elle:VLDB2020,
  author = {Kingsbury, Kyle and Alvaro, Peter},
  title = {Elle: Inferring Isolation Anomalies from Experimental Observations},
  year = {2020},
  issue_date = {November 2020},
  publisher = {VLDB Endowment},
  volume = {14},
  number = {3},
  issn = {2150-8097},
  journal = {Proc. VLDB Endow.},
  month = nov,
  pages = {268-280},
  numpages = {13}
}

%%%%% transactional consistency checking %%%%%
@article{Complexity:OOPSLA2019,
  author = {Biswas, Ranadeep and Enea, Constantin},
  title = {On the Complexity of Checking Transactional Consistency},
  year = {2019},
  issue_date = {October 2019},
  publisher = {Association for Computing Machinery},
  address = {New York, NY, USA},
  volume = {3},
  number = {OOPSLA},
  url = {https://doi.org/10.1145/3360591},
  doi = {10.1145/3360591},
  journal = {Proc. ACM Program. Lang.},
  month = oct,
  articleno = {165},
  numpages = {28},
}

@article{IsoDiff:VLDB2020,
  author = {Gan, Yifan and Ren, Xueyuan and Ripberger, Drew and Blanas, Spyros and Wang, Yang},
  title = {IsoDiff: Debugging Anomalies Caused by Weak Isolation},
  year = {2020},
  issue_date = {August 2020},
  publisher = {VLDB Endowment},
  volume = {13},
  number = {12},
  issn = {2150-8097},
  url = {https://doi.org/10.14778/3407790.3407860},
  doi = {10.14778/3407790.3407860},
  journal = {Proc. VLDB Endow.},
  month = jul,
  pages = {2773-2786},
  numpages = {14}
}

@inproceedings{Cobra:OSDI2020,
  author = {Tan, Cheng and Zhao, Changgeng and Mu, Shuai and Walfish, Michael},
  title = {COBRA: Making Transactional Key-Value Stores Verifiably Serializable},
  year = {2020},
  isbn = {978-1-939133-19-9},
  booktitle = {OSDI'20},
  articleno = {4},
  numpages = {18}
}

@article{MonkeyDB:OOPSLA2021,
  author = {Biswas, Ranadeep and Kakwani, Diptanshu and Vedurada, Jyothi and Enea, Constantin and Lal, Akash},
  title = {MonkeyDB: Effectively Testing Correctness under Weak Isolation Levels},
  year = {2021},
  issue_date = {October 2021},
  publisher = {Association for Computing Machinery},
  address = {New York, NY, USA},
  volume = {5},
  number = {OOPSLA},
  url = {https://doi.org/10.1145/3485546},
  doi = {10.1145/3485546},
  journal = {Proc. ACM Program. Lang.},
  month = {oct},
  articleno = {132},
  numpages = {27},
}

%%%%% TCC: static analysis %%%%%
@inproceedings{AllocatingIsolation:PODS2005,
  author = {Fekete, Alan},
  title = {Allocating Isolation Levels to Transactions},
  year = {2005},
  isbn = {1595930620},
  publisher = {ACM},
  url = {https://doi.org/10.1145/1065167.1065193},
  doi = {10.1145/1065167.1065193},
  booktitle = {PODS '05},
  pages = {206-215},
  numpages = {10}
}

@inproceedings{DetectionSI:VLDB2007,
  author = {Jorwekar, Sudhir and Fekete, Alan and Ramamritham, Krithi and Sudarshan, S.},
  title = {Automating the Detection of Snapshot Isolation Anomalies},
  year = {2007},
  isbn = {9781595936493},
  publisher = {VLDB Endowment},
  booktitle = {VLDB '07},
  pages = {1263-1274},
  numpages = {12}
}

@article{QuantifyingAnomalies:VLDB2009,
  author = {Fekete, Alan and Goldrei, Shirley N. and Asenjo, Jorge P\'{e}rez},
  title = {Quantifying Isolation Anomalies},
  year = {2009},
  issue_date = {August 2009},
  publisher = {VLDB Endowment},
  volume = {2},
  number = {1},
  issn = {2150-8097},
  url = {https://doi.org/10.14778/1687627.1687681},
  doi = {10.14778/1687627.1687681},
  journal = {Proc. VLDB Endow.},
  month = {aug},
  pages = {467-478},
  numpages = {12}
}


@inproceedings{ACIDRain:SIGMOD2017,
  author    = {Todd Warszawski and
               Peter Bailis},
  title     = {ACIDRain: Concurrency-Related Attacks on Database-Backed Web Applications},
  booktitle = {{SIGMOD} 2017},
  pages     = {5--20},
  publisher = {{ACM}},
  year      = {2017},
  url       = {https://doi.org/10.1145/3035918.3064037},
  doi       = {10.1145/3035918.3064037},
  timestamp = {Tue, 06 Nov 2018 11:07:38 +0100},
  biburl    = {https://dblp.org/rec/conf/sigmod/WarszawskiB17.bib},
  bibsource = {dblp computer science bibliography, https://dblp.org}
}

%%%%% TCC: static analysis %%%%%

%%%%% robustness %%%%%
@InProceedings{Robustness:CONCUR2016,
  author =	{Giovanni Bernardi and Alexey Gotsman},
  title =	{{Robustness against Consistency Models with Atomic Visibility}},
  booktitle =	{CONCUR'16},
  pages =	{7:1--7:15},
  series =	{LIPIcs},
  ISBN =	{978-3-95977-017-0},
  ISSN =	{1868-8969},
  year =	{2016},
  volume =	{59},
  publisher =	{Schloss Dagstuhl--Leibniz-Zentrum fuer Informatik}
}

@InProceedings{RobustnessSI:CAV2019,
  author="Beillahi, Sidi Mohamed and Bouajjani, Ahmed and Enea, Constantin",
  editor="Dillig, Isil and Tasiran, Serdar",
  title="Checking Robustness Against Snapshot Isolation",
  booktitle="Computer Aided Verification",
  year="2019",
  publisher="Springer International Publishing",
  address="Cham",
  pages="286--304",
  isbn="978-3-030-25543-5"
}

@inproceedings{RobustnessLower:PODS2020,
  author = {Ketsman, Bas and Koch, Christoph and Neven, Frank and Vandevoort, Brecht},
  title = {Deciding Robustness for Lower SQL Isolation Levels},
  year = {2020},
  isbn = {9781450371087},
  publisher = {Association for Computing Machinery},
  address = {New York, NY, USA},
  url = {https://doi.org/10.1145/3375395.3387655},
  doi = {10.1145/3375395.3387655},
  booktitle = {Proceedings of the 39th ACM SIGMOD-SIGACT-SIGAI Symposium on Principles of Database Systems},
  pages = {315-330},
  numpages = {16},
  series = {PODS'20}
}
%%%%% sat and smt %%%%%
@inproceedings{MonoSAT:AAAI2015,
  author = {Bayless, Sam and Bayless, Noah and Hoos, Holger H. and Hu, Alan J.},
  title = {SAT modulo Monotonic Theories},
  year = {2015},
  isbn = {0262511290},
  publisher = {AAAI Press},
  booktitle = {Proceedings of the Twenty-Ninth AAAI Conference on Artificial Intelligence},
  pages = {3702-3709},
  numpages = {8},
  series = {AAAI'15}
}
%%%%% sat and smt %%%%%

%%%%% datasets and benchmarks %%%%%
@article{OLTP-Bench:VLDB2013,
  author = {Difallah, Djellel Eddine and Pavlo, Andrew and Curino, Carlo and Cudre-Mauroux, Philippe},
  title = {OLTP-Bench: An Extensible Testbed for Benchmarking Relational Databases},
  year = {2013},
  issue_date = {December 2013},
  publisher = {VLDB Endowment},
  volume = {7},
  number = {4},
  issn = {2150-8097},
  url = {https://doi.org/10.14778/2732240.2732246},
  doi = {10.14778/2732240.2732246},
  journal = {Proc. VLDB Endow.},
  month = {dec},
  pages = {277-288},
  numpages = {12}
}
%%%%% datasets and benchmarks %%%%%

@inproceedings{CCC:NETYS2019,
  author    = {Rachid Zennou and Ranadeep Biswas and Ahmed Bouajjani and Constantin Enea and Mohammed Erradi},
  editor    = {Mohamed Faouzi Atig and Alexander A. Schwarzmann},
  title     = {Checking Causal Consistency of Distributed Databases},
  booktitle = {Networked Systems - 7th International Conference, {NETYS} 2019, Marrakech,
               Morocco, June 19-21, 2019, Revised Selected Papers},
  series    = {Lecture Notes in Computer Science},
  volume    = {11704},
  pages     = {35--51},
  publisher = {Springer},
  year      = {2019},
  url       = {https://doi.org/10.1007/978-3-030-31277-0\_3},
  doi       = {10.1007/978-3-030-31277-0\_3},
}
%%%%% others %%%%%


@inbook{RepairSER:PLDI2021,
  author = {Rahmani, Kia and Nagar, Kartik and Delaware, Benjamin and Jagannathan, Suresh},
  title = {Repairing Serializability Bugs in Distributed Database Programs via Automated Schema Refactoring},
  year = {2021},
  isbn = {9781450383912},
  publisher = {Association for Computing Machinery},
  address = {New York, NY, USA},
  url = {https://doi.org/10.1145/3453483.3454028},
  booktitle = {Proceedings of the 42nd ACM SIGPLAN International Conference on Programming Language Design and Implementation},
  pages = {32-47},
  numpages = {16}
}

@InProceedings{CentralisedSemantics:ECOOP2020,
  author = {Shale Xiong and Andrea Cerone and Azalea Raad and Philippa Gardner},
  title =	{{Data Consistency in Transactional Storage Systems: A Centralised Semantics}},
  booktitle =	{ECOOP'20},
  pages =	{21:1--21:31},
  year =	{2020},
  volume =	{166},
  doi =		{10.4230/LIPIcs.ECOOP.2020.21},
}

%%% others added by Nobi %%%
@misc{YugabyteDB-bug,
	author = {Jepsen},
	title = {Issue \#824},
	note = {\url{https://github.com/YugaByte/yugabyte-db/issues/824}},
	year = {Accessed February 14, 2023}
}

@misc{CockroachDB-bug,
	author = {Ben Darnell},
	title = {Lessons Learned from 2+ Years of Nightly Jepsen Tests},
	note = {\url{https://www.cockroachlabs.com/blog/jepsen-tests-lessons/}},
	year = {Accessed February 14, 2023}
}

@misc{CockroachDB,
	title = {CockroachDB},
	note = {\url{https://www.cockroachlabs.com/product/}},
	year = {Accessed February 14, 2023}
}

@misc{postgresql-rr,
	author = {PostgreSQL},
	title = {Transaction Isolation},
	note = {\url{https://www.postgresql.org/docs/current/transaction-iso.html}},
	year = {Accessed February 14, 2023}
}

@inproceedings{Maude:Liu2019,
  author = {Si Liu and Peter Csaba {\"{O}}lveczky and Min Zhang and Qi Wang and Jos{\'{e}} Meseguer},
  title = {Automatic Analysis of Consistency Properties of Distributed Transaction Systems in {M}aude},
  booktitle = {{TACAS} 2019},
  series = {LNCS},
  volume = {11428},
  pages = {40--57},
  publisher = {Springer},
  year = {2019}
}

@inproceedings{Eiger:NSDI2013,
  author = {Wyatt Lloyd and Michael J. Freedman and Michael Kaminsky and David G. Andersen},
  title = {Stronger semantics for low-latency geo-replicated storage},
  booktitle = {NSDI' 13},
  year = {2013},
  isbn = {978-1-931971-00-3},
  pages = {313--328},
  publisher = {USENIX Association}
}

@inproceedings{VCC:POPL2017,
  author = {Ahmed Bouajjani and Constantin Enea and Rachid Guerraoui and Jad Hamza},
  title = {On verifying causal consistency},
  booktitle = {POPL'17},
  pages = {626--638},
  publisher = {{ACM}},
  year = {2017}
}

@inproceedings{Twitter:OSDI2020,
  author = {Juncheng Yang and Yao Yue and K. V. Rashmi},
  title = {A large scale analysis of hundreds of in-memory cache clusters at Twitter},
  booktitle = {14th {USENIX} Symposium on Operating Systems Design and Implementation, {OSDI} 2020, Virtual Event, November 4-6, 2020},
  pages = {191--208},
  publisher = {{USENIX} Association},
  year = {2020}
}

@book{CLRS2009,
  author = {Cormen, Thomas H. and Leiserson, Charles E. and Rivest, Ronald L. and Stein, Clifford},
  title = {Introduction to Algorithms, Third Edition},
  year = {2009},
  isbn = {0262033844},
  publisher = {The MIT Press},
  edition = {3rd},
}

@misc{tpcc,
	author = {TPC},
	title = {{TPC-C}: On-Line Transaction Processing Benchmark},
	note = {\url{https://www.tpc.org/tpcc/}},
	year = {Accessed February 14, 2023}
}

@misc{ctwitter,
	author = {Nick Kallen},
	title = {Big Data in Real Time at Twitter},
	note = {\url{https://www.infoq.com/presentations/Big-Data-in-Real-Time-at-Twitter/}},
	year = {Accessed February 14, 2023}
}

@misc{crubis,
	author = {RUBiS},
	title = {Auction Site for e-Commerce Technologies Benchmarking},
	note = {\url{https://projects.ow2.org/view/rubis/}},
	year = {Accessed February 14, 2023}
}

@book{AllAboutMaude:Book2007,
  author = {Clavel, Manuel and Dur\'{a}n, Francisco and Eker, Steven and Lincoln, Patrick and Mart\'{\i}-Oliet, Narciso and Meseguer, Jos\'{e} and Talcott, Carolyn},
  title = {All about Maude - a High-Performance Logical Framework: How to Specify, Program and Verify Systems in Rewriting Logic},
  year = {2007},
  isbn = {3540719407},
  publisher = {Springer-Verlag},
  address = {Berlin, Heidelberg}
}

@inproceedings{FunandProfit:PODC2011,
  author = {Golab, Wojciech and Li, Xiaozhou and Shah, Mehul A.},
  title = {Analyzing Consistency Properties for Fun and Profit},
  year = {2011},
  publisher = {ACM},
  url = {https://doi.org/10.1145/1993806.1993834},
  doi = {10.1145/1993806.1993834},
  booktitle = {PODC '11},
  pages = {197--206},
  numpages = {10}
}

@inproceedings{ycsb,
  author    = {Brian F. Cooper and
               Adam Silberstein and
               Erwin Tam and
               Raghu Ramakrishnan and
               Russell Sears},
  title     = {Benchmarking cloud serving systems with {YCSB}},
  booktitle = { SoCC 2010},
  pages     = {143--154},
  publisher = {{ACM}},
  year      = {2010}
}

@misc{dgraph,
	author = {Dgraph},
    year ={Accessed February 14, 2023},
	note = {\url{https://dgraph.io/}}
}

@misc{maria-galera,
	author = {MariaDB Galera Cluster},
    year ={Accessed February 14, 2023},
	note = {\url{https://mariadb.com/kb/en/what-is-mariadb-galera-cluster/}}
}

@misc{YugabyteDB,
	author = {YugabyteDB},
  year ={Accessed February 14, 2023},
	note = {\url{https://www.yugabyte.com/}}
}

@techreport{polysi-tr,
  author = {Kaile Huang and Si Liu and Zhenge Chen and Hengfeng Wei and David Basin and Haixiang Li and Anqun Pan},
  title = {Efficient Black-box Checking of Snapshot Isolation in Databases},
  year = {2022},
  note = {\url{https://arxiv.org/abs/2301.07313}}
}

@misc{polysi-tool,
  author = {Kaile Huang and Si Liu and Zhenge Chen and Hengfeng Wei and David Basin and Haixiang Li and Anqun Pan},
	title ={The {PolySI} tool for checking snapshot isolation},
  year ={2022},
	note = {\url{https://github.com/hengxin/PolySI-PVLDB2023-Artifacts}}
}

@book{Bernstein:Book1986,
  author = {Bernstein, Philip A and Hadzilacos, Vassos and Goodman, Nathan},
  title = {Concurrency Control and Recovery in Database Systems},
  year = {1986},
  isbn = {0201107155},
  publisher = {Addison-Wesley Longman Publishing Co., Inc.},
  address = {USA}
}

@article{Clotho:OOPSLA2019,
  author = {Rahmani, Kia and Nagar, Kartik and Delaware, Benjamin and Jagannathan, Suresh},
  title = {CLOTHO: Directed Test Generation for Weakly Consistent Database Systems},
  year = {2019},
  issue_date = {October 2019},
  publisher = {Association for Computing Machinery},
  address = {New York, NY, USA},
  volume = {3},
  number = {OOPSLA},
  url = {https://doi.org/10.1145/3360543},
  doi = {10.1145/3360543},
  journal = {Proc. ACM Program. Lang.},
  month = {oct},
  articleno = {117},
  numpages = {28},
}

@article{HAT:VLDB2013,
  author = {Bailis, Peter and Davidson, Aaron and Fekete, Alan and Ghodsi, Ali and Hellerstein, Joseph M. and Stoica, Ion},
  title = {Highly Available Transactions: Virtues and Limitations},
  year = {2013},
  issue_date = {November 2013},
  publisher = {VLDB Endowment},
  volume = {7},
  number = {3},
  issn = {2150-8097},
  url = {https://doi.org/10.14778/2732232.2732237},
  doi = {10.14778/2732232.2732237},
  journal = {Proc. VLDB Endow.},
  month = {nov},
  pages = {181--192},
  numpages = {12}
}

@misc{MongoDB,
	author = {MongoDB},
  year ={Accessed February 14, 2023},
	note = {\url{https://www.mongodb.com/}}
}

@misc{TiDB,
	author = {TiDB},
  year ={Accessed February 14, 2023},
	note = {\url{https://en.pingcap.com/tidb/}}
}

@misc{Memgraph,
  author = {Memgraph},
  year = {Accessed February 14, 2023},
  note = {\url{https://memgraph.com/}}
}

@misc{ApacheHive,
  author = {Apache Hive},
  year = {Accessed February 14, 2023},
  note = {\url{https://hive.apache.org/}}
}

@misc{SQLServer,
  author = {Microsoft SQL Server},
  year = {Accessed February 14, 2023},
  note = {\url{https://www.microsoft.com/en-us/sql-server/}}
}

@misc{Oracle,
  author = {Oracle Database},
  year = {Accessed February 14, 2023},
  note = {\url{https://www.oracle.com/database/}}
}

@inproceedings{Percolator:OSDI2010,
  author = {Peng, Daniel and Dabek, Frank},
  title = {Large-Scale Incremental Processing Using Distributed Transactions and Notifications},
  year = {2010},
  publisher = {USENIX Association},
  address = {USA},
  booktitle = {OSDI'10},
  pages = {251--264},
  numpages = {14}
}

@misc{jepsen,
  author = {Jepsen},
  year = {Accessed February 14, 2023},
  note = {\url{https://jepsen.io}}
}

@inproceedings{cofi,
  author    = {Haicheng Chen and
               Wensheng Dou and
               Dong Wang and
               Feng Qin},
  title     = {CoFI: Consistency-Guided Fault Injection for Cloud Systems},
  booktitle = {
               {ASE} 2020},
  publisher = {{IEEE}},
  year      = {2020},
  url       = {https://doi.org/10.1145/3324884.3416548},
  doi       = {10.1145/3324884.3416548},
  timestamp = {Fri, 12 Feb 2021 13:04:43 +0100},
  biburl    = {https://dblp.org/rec/conf/kbse/ChenDWQ20.bib},
  bibsource = {dblp computer science bibliography, https://dblp.org}
}

@article{DBLP:journals/cacm/Lamport78,
  author    = {Leslie Lamport},
  title     = {Time, Clocks, and the Ordering of Events in a Distributed System},
  journal   = {Commun. {ACM}},
  volume    = {21},
  number    = {7},
  pages     = {558--565},
  year      = {1978}
}

@mastersthesis{jack-clark,
  author  = "Jack Clark",
  title   = "Verifying Serializability Protocols With Version Order Recovery",
  school  = "ETH Zurich",
  year    = "2021",
  note = {\url{https://doi.org/10.3929/ethz-b-000507577}}
}

@misc{MongoDB-Jepsen,
  author = {Jepsen testing of MongoDB 4.2.6},
  year = {Accessed February 14, 2023},
  note = {\url{http://jepsen.io/analyses/mongodb-4.2.6}}
}

@misc{TiDB-Jepsen,
  author = {Jepsen testing of TiDB 2.1.7},
  year = {Accessed February 14, 2023},
  note = {\url{https://jepsen.io/analyses/tidb-2.1.7}}
}

@misc{Cassandra,
  author = {Apache Cassandra},
  year = {Accessed February 14, 2023},
  note = {\url{https://cassandra.apache.org/}}
}

@misc{S3,
  author = {Amazon Elastic Compute Cloud},
  year = {Accessed February 14, 2023},
  note = {\url{https://aws.amazon.com/cn/ec2/}}
}

@article{DBLP:journals/pacmpl/KakiNNJ18,
  author    = {Gowtham Kaki and
               Kartik Nagar and
               Mahsa Najafzadeh and
               Suresh Jagannathan},
  title     = {Alone together: compositional reasoning and inference for weak isolation},
  journal   = {Proc. {ACM} Program. Lang.},
  volume    = {2},
  number    = {{POPL}},
  pages     = {27:1--27:34},
  year      = {2018},
  url       = {https://doi.org/10.1145/3158115},
  doi       = {10.1145/3158115}
}

@misc{cockroach,
  author = {CockroachDB},
  year = {Accessed February 14, 2023},
  note = {\url{https://www.cockroachlabs.com/}}
}

@inproceedings{TerryDPSTW94,
  author    = {Douglas B. Terry and
               Alan J. Demers and
               Karin Petersen and
               Mike Spreitzer and
               Marvin Theimer and
               Brent B. Welch},
  title     = {Session Guarantees for Weakly Consistent Replicated Data},
  booktitle = {{PDIS}},
  pages     = {140--149},
  year      = {1994},
   publisher = {{IEEE} Computer Society}
}

@inproceedings{DBLP:conf/netys/ZennouBBEE19,
  author    = {Rachid Zennou and
               Ranadeep Biswas and
               Ahmed Bouajjani and
               Constantin Enea and
               Mohammed Erradi},
  title     = {Checking Causal Consistency of Distributed Databases},
  booktitle = {{NETYS} 2019},
  series    = {LNCS},
  volume    = {11704},
  pages     = {35--51},
  publisher = {Springer},
  year      = {2019},
  url       = {https://doi.org/10.1007/978-3-030-31277-0\_3}
}

@inproceedings{DBLP:conf/osdi/LuSL20,
  author    = {Haonan Lu and
               Siddhartha Sen and
               Wyatt Lloyd},
  title     = {Performance-Optimal Read-Only Transactions},
  booktitle = {    {OSDI} 2020},
  pages     = {333--349},
  publisher = {{USENIX} Association},
  year      = {2020}
}

@inproceedings{DBLP:conf/aaai/BalyoHJ17,
  author    = {Tom{\'{a}}s Balyo and
               Marijn J. H. Heule and
               Matti J{\"{a}}rvisalo},
  title     = {{SAT} Competition 2016: Recent Developments},
  booktitle = {{AAAI} 2017},
  pages     = {5061--5063},
  publisher = {{AAAI} Press},
  year      = {2017}
}

@inproceedings{DBLP:conf/sosp/Helt0LL21,
  author    = {Jeffrey Helt and
               Matthew Burke and
               Amit Levy and
               Wyatt Lloyd},
  title     = {Regular Sequential Serializability and Regular Sequential Consistency},
  booktitle = {{SOSP}'21},
  pages     = {163--179},
  publisher = {{ACM}},
  year      = {2021}
}

@inproceedings{DBLP:conf/podc/AttiyaEM15,
  author    = {Hagit Attiya and
               Faith Ellen and
               Adam Morrison},
  title     = {Limitations of Highly-Available Eventually-Consistent Data Stores},
  booktitle = {{PODC} 2015},
  pages     = {385--394},
  publisher = {{ACM}},
  year      = {2015}
}

@article{DBLP:journals/pvldb/DidonaGWZ18,
  author    = {Diego Didona and
               Rachid Guerraoui and
               Jingjing Wang and
               Willy Zwaenepoel},
  title     = {Causal Consistency and Latency Optimality: Friend or Foe?},
  journal   = {Proc. {VLDB} Endow.},
  volume    = {11},
  number    = {11},
  pages     = {1618--1632},
  year      = {2018}
}

@misc{graphviz,
	author = {Graphviz},
	title = {Open source graph visualization software},
	note = {\url{https://graphviz.org/}},
	year = {Accessed February 14, 2023}
}

@misc{elle-bug,
	author = {Kaile Huang and Si Liu and Zhenge Chen and Hengfeng Wei and David Basin and Haixiang Li and Anqun Pan},
	title = {Issue \#17},
	note = {\url{https://github.com/jepsen-io/elle/issues/17}},
	year = {Accessed February 14, 2023}
}
